<?xml version="1.0" encoding="UTF-8"?><record xmlns="http://www.loc.gov/MARC21/slim" xmlns:cinclude="http://apache.org/cocoon/include/1.0" xmlns:zs="http://www.loc.gov/zing/srw/">
  <leader>00699cz  a2200157n  4500</leader>
  <controlfield tag="001">no 00100897 </controlfield>
  <controlfield tag="003">DLC</controlfield>
  <controlfield tag="005">20120814082252.0</controlfield>
  <controlfield tag="008">001214n| acannaab           |a ana     c</controlfield>
  <datafield tag="010" ind1=" " ind2=" ">
    <subfield code="a">no 00100897 </subfield>
  </datafield>
  <datafield tag="035" ind1=" " ind2=" ">
    <subfield code="a">(OCoLC)oca05376220</subfield>
  </datafield>
  <datafield tag="040" ind1=" " ind2=" ">
    <subfield code="a">NjP</subfield>
    <subfield code="b">eng</subfield>
    <subfield code="c">NjP</subfield>
    <subfield code="d">DLC</subfield>
  </datafield>
  <datafield tag="111" ind1="2" ind2=" ">
    <subfield code="a">Wiepersdorfer Kolloquium der Internationalen Arnim-Gesellschaft</subfield>
  </datafield>
  <datafield tag="411" ind1="2" ind2=" ">
    <subfield code="a">Kolloquium der Internationalen Arnim-Gesellschaft, Wiepersdorfer</subfield>
  </datafield>
  <datafield tag="667" ind1=" " ind2=" ">
    <subfield code="a">THIS 1XX FIELD CANNOT BE USED UNDER RDA UNTIL THIS RECORD HAS BEEN REVIEWED AND/OR UPDATED</subfield>
  </datafield>
  <datafield tag="670" ind1=" " ind2=" ">
    <subfield code="a">Universelle EntwuĚrfe, Integration, RuĚckzug, 2000:</subfield>
    <subfield code="b">t.p. (Wiepersdorfer Kolloquium der Internationalen Arnim-Gesellschaft) p. xxi, etc. (July 1997, 1st colloquium)</subfield>
  </datafield>
</record>